@misc{R2,
  title = {{Estratégias para gerenciamento de custos em projetos​}},
  howpublished = {\url{https://www.wrike.com/project-management-guide/faq/what-is-cost-management-in-project-management/}},
  note = {Acesso em: 2024-05-15}
}

@misc{R3,
  title = {{Gerenciamento de custos​}},
  howpublished = {\url{https://www.wrike.com/project-management-guide/faq/what-is-cost-management-in-project-management/}},
  note = {Acesso em: 2024-05-15}
}

@misc{R4,
  title = {{Gerenciamento de custos em projetos​}},
  howpublished = {\url{https://www.euax.com.br/2019/02/gerenciamento-de-custos-em-projetos/}},
  note = {Acesso em: 2024-05-15}
}

@misc{R5,
  title = {{Regra 80/20}},
  howpublished = {\url{https://www.forbes.com/sites/forbestechcouncil/2023/09/14/taking-a-more-strategic-approach-to-the-8020-rule-in-software/?sh=1536343f3209}},
  note = {Acesso em: 2024-05-15}
}

@book{cite,
    author = "Project Management Institute",
    title = "A guide to the Project Management Body of Knowledge (PMBOK guide)",
    edition = 6,
    publisher = "Project Management Institute",
    year = 2024
}
